
@INPROCEEDINGS{lcm-iros2010,
author={Huang, A.S. and Olson, E. and Moore, D.C.}, 
booktitle={Intelligent Robots and Systems (IROS), 2010 IEEE/RSJ International Conference on}, 
title={LCM: Lightweight Communications and Marshalling}, 
year={2010}, 
pages={4057-4062}, 
keywords={data handling;formal specification;message passing;program debugging;robot programming;software libraries;specification languages;telecommunication traffic;LCM library;data marshalling;language-independent type specification language;lightweight communications and marshalling library;low-latency message passing system;marshalling code;message passing system debugging;message specification;platform-independent type specification language;publish-subscribe message-passing system;real-time robotics research application;traffic inspection tool}, 
doi={10.1109/IROS.2010.5649358}, 
ISSN={2153-0858}, 
month={Oct},}