@article{ZiIo11PNP,
  author    = {Ziparo, V. A. and Iocchi, L. and  Lima, P. U. and
               Nardi, D. and Palamara, P. F.},
  title     = {Petri Net Plans - {A} framework for collaboration and coordination
               in multi-robot systems},
  journal   = {Autonomous Agents and Multi-Agent Systems},
  volume    = {23},
  number    = {3},
  pages     = {344--383},
  year      = {2011},
  url       = {http://dx.doi.org/10.1007/s10458-010-9146-1},
  doi       = {10.1007/s10458-010-9146-1}
}
